<record><leader>00000cas a22000007a 4500</leader><controlfield tag="001">18390368</controlfield><controlfield tag="008">880823d19691973txuwr ne      0    0eng d</controlfield><datafield ind1=" " ind2=" " tag="010"><subfield code="a">sn 88084091 </subfield></datafield><datafield ind1=" " ind2=" " tag="040"><subfield code="a">PPM</subfield><subfield code="b">eng</subfield><subfield code="c">PPM</subfield><subfield code="d">OCLCQ</subfield></datafield><datafield ind1=" " ind2=" " tag="042"><subfield code="a">msc</subfield></datafield><datafield ind1="0" ind2="4" tag="245"><subfield code="a">The Arlington urbanite.</subfield></datafield><datafield ind1=" " ind2=" " tag="260"><subfield code="a">Arlington, Tex. :</subfield><subfield code="b">Citizen-Journal, Inc.,</subfield><subfield code="c">1969-1973.</subfield></datafield><datafield ind1=" " ind2=" " tag="310"><subfield code="a">Weekly</subfield></datafield><datafield ind1="0" ind2=" " tag="362"><subfield code="a">Vol. 1, no. 1 (Aug. 3, 1969)-v. 6, no. 8 (Oct. 14, 1973).</subfield></datafield><datafield ind1=" " ind2=" " tag="752"><subfield code="a">United States</subfield><subfield code="b">Texas</subfield><subfield code="c">Tarrant</subfield><subfield code="d">Arlington.</subfield></datafield><datafield ind1="0" ind2=" " tag="775"><subfield code="t">Grand Prairie urbanite</subfield><subfield code="w">(DLC)sn 88084152</subfield></datafield><datafield ind1="0" ind2=" " tag="775"><subfield code="t">Urbanite</subfield><subfield code="w">(DLC)sn 88084153</subfield></datafield><datafield ind1="0" ind2="0" tag="785"><subfield code="t">Sunday Arlington urbanite</subfield><subfield code="w">(DLC)sn 88084288</subfield></datafield></record>